<record><leader>00000cas a22000007a 4500</leader><controlfield tag="001">13314571</controlfield><controlfield tag="008">860319d19uu1987inudn ne      0    0eng d</controlfield><datafield ind1=" " ind2=" " tag="010"><subfield code="a">sn 86058346 </subfield></datafield><datafield ind1=" " ind2=" " tag="040"><subfield code="a">NPI</subfield><subfield code="b">eng</subfield><subfield code="c">NPI</subfield><subfield code="d">NSD</subfield><subfield code="d">NPI</subfield><subfield code="d">OCLCQ</subfield></datafield><datafield ind1=" " ind2=" " tag="042"><subfield code="a">msc</subfield></datafield><datafield ind1="0" ind2=" " tag="130"><subfield code="a">Anderson daily bulletin (Anderson, Ind. : 1918)</subfield></datafield><datafield ind1="1" ind2="0" tag="245"><subfield code="a">Anderson daily bulletin.</subfield></datafield><datafield ind1="3" ind2="0" tag="246"><subfield code="a">Anderson herald and Anderson daily bulletin</subfield></datafield><datafield ind1="3" ind2="0" tag="246"><subfield code="a">Anderson herald-Anderson daily bulletin</subfield></datafield><datafield ind1=" " ind2=" " tag="260"><subfield code="a">Anderson, Ind. :</subfield><subfield code="b">[Bulletin Print. and Manufacturing Co.],</subfield><subfield code="c">-1987.</subfield></datafield><datafield ind1=" " ind2=" " tag="300"><subfield code="a">v. :</subfield><subfield code="b">ill. ;</subfield><subfield code="c">60 cm.</subfield></datafield><datafield ind1=" " ind2=" " tag="310"><subfield code="a">Daily (except Sun.)</subfield></datafield><datafield ind1="0" ind2=" " tag="362"><subfield code="a">-v. 102, no. 12 (Apr. 4, 1987).</subfield></datafield><datafield ind1=" " ind2=" " tag="500"><subfield code="a">Publisher's name from N.W Ayer &amp; Sons Amer. newspaper annual and directory.</subfield></datafield><datafield ind1=" " ind2=" " tag="500"><subfield code="a">Published jointly with Anderson herald, as: Anderson herald and Anderson daily bulletin, Aug. 31-Sept. 8, 1973. Title varies slightly.</subfield></datafield><datafield ind1=" " ind2=" " tag="580"><subfield code="a">Merged with: Anderson herald (Anderson, Ind. : Daily), to form: Anderson-herald bulletin.</subfield></datafield><datafield ind1=" " ind2=" " tag="588"><subfield code="a">Description based on: Vol. 16, no. 146 (Nov. 11, 1918).</subfield></datafield><datafield ind1=" " ind2=" " tag="752"><subfield code="a">United States</subfield><subfield code="b">Indiana</subfield><subfield code="c">Madison</subfield><subfield code="d">Anderson.</subfield></datafield><datafield ind1="0" ind2="0" tag="780"><subfield code="t">Daily bulletin (Anderson, Ind.)</subfield><subfield code="w">(DLC)sn 86058345</subfield></datafield><datafield ind1="0" ind2="5" tag="780"><subfield code="t">Daily news (Anderson, Ind.)</subfield><subfield code="w">(DLC)sn 87056908</subfield></datafield><datafield ind1="1" ind2="7" tag="785"><subfield code="t">Anderson herald (Anderson, Ind. : Daily)</subfield><subfield code="w">(DLC)sn 84045515</subfield></datafield><datafield ind1="1" ind2="7" tag="785"><subfield code="t">Anderson herald-bulletin</subfield><subfield code="x">0893-908X</subfield><subfield code="w">(DLC)sn 87055776</subfield><subfield code="w">(OCoLC)15503834</subfield></datafield><datafield ind1="1" ind2=" " tag="029"><subfield code="a">AU@</subfield><subfield code="b">000023526889</subfield></datafield></record>